<?xml version="1.0" encoding="UTF-8"?><collection xmlns="http://www.loc.gov/MARC21/slim"><record><leader>00322nam--2200121-i-4500</leader><controlfield tag="001">000032534</controlfield><controlfield tag="002">20161230</controlfield><controlfield tag="005">20161230201039</controlfield><controlfield tag="008">060222s1000------------r-----000-0-eng-d</controlfield><datafield ind1=" " ind2=" " tag="245"><subfield code="a">Mitteilungen aus dem jahre1975</subfield></datafield><datafield ind1=" " ind2=" " tag="260"><subfield code="a">Dresden, Akademie Der Wissenschaften Der Ddr,</subfield></datafield><datafield ind1=" " ind2=" " tag="490"><subfield code="a">Wissenschafliche Berichte</subfield></datafield><datafield ind1=" " ind2=" " tag="852"><subfield code="a">43621</subfield></datafield></record></collection>